% Encoding: UTF-8

@booklet{Marcin,
title = {{BPMN Notacja modelowania procesów biznesowych}},
author = {Moś, M.},
note = {\url{http://procesy.ue.wroc.pl/uploads/Marcin/BPMN.pdf} [dostęp dnia 20 czerwca 2015]}
}

@Booklet{rozladowywanieLiIon2,
  title = {Rozładowywanie Li-Ion 2},
  note  = {\url{https://batteryuniversity.com/learn/article/discharge_characteristics_li}},
  url   = {https://www.gov.pl/web/5g},
}

@Booklet{5ggov,
  title = {Strona polskiego Ministerstwa Cyfryzacji},
  note  = {\url{https://www.gov.pl/web/5g}},
  url   = {https://www.gov.pl/web/5g},
}

@Booklet{FreeRTOS,
  title = {FreeRTOS},
  note  = {\url{https://www.freertos.org}},
  url   = {https://www.gov.pl/web/5g},
}

@Booklet{arduinoFramework,
  title = {Arduino framework},
  note  = {\url{https://www.arduino.cc/}},
  url   = {https://www.gov.pl/web/5g},
}

@Booklet{raspbian,
  title = {System operacyjny Raspian},
  note  = {\url{https://www.raspberrypi.org/downloads/raspbian/}},
  url   = {https://www.raspberrypi.org/downloads/raspbian/},
}

@Booklet{ladowanieLiIon2,
  title = {Ładowanie Li-Ion2},
  note  = {\url{https://batteryuniversity.com/index.php/learn/article/how_to_prolong_lithium_based_batterieshttps://batteryuniversity.com/index.php/learn/article/how_to_prolong_lithium_based_batteries}},
  url   = {https://batteryuniversity.com/index.php/learn/article/how_to_prolong_lithium_based_batterieshttps://batteryuniversity.com/index.php/learn/article/how_to_prolong_lithium_based_batteries},
}

@Booklet{rozladowywanieLiIon1,
  title = {Rozładowywanie Li-Ion 1},
  note  = {\url{https://batteryuniversity.com/learn/article/discharge_methods}},
  url   = {https://www.gov.pl/web/5g},
}

@Booklet{ladowanieLiIon,
  title = {Ładowanie Li-Ion},
  note  = {\url{https://batteryuniversity.com/index.php/learn/article/how_to_prolong_lithium_based_batteries}},
  url   = {https://batteryuniversity.com/index.php/learn/article/how_to_prolong_lithium_based_batteries},
}

@Book{Mazur,
  title     = {Sterowanie oparte na modelu dla nieholonomicznych manipulatorów mobilnych},
  publisher = {a},
  year      = {2009},
  author    = {Alicja Mazur},
  editor    = {a},
}

@Book{Cholewinski,
  title     = {Intelligent Systems'2014},
  publisher = {aa},
  year      = {2014},
  author    = {aa},
  editor    = {D. Filev, J. Jabłkowski, J. Kacprzyk, M. Krawczak, I. Popchev, L. Rutkowski, V. Sgurev, E. Sotirova, P. Szynkarczyk, S. Zadrozny},
}

@Booklet{flagiGNUstrona,
  title = {Opis flag optymalizacji kompilatora GNU},
  url   = {https://gcc.gnu.org/onlinedocs/gcc/Optimize-Options.html},
}

@Comment{jabref-meta: databaseType:bibtex;}
