% Encoding: UTF-8

@Booklet{rozladowywanieLiIon2,
  title = {Rozładowywanie Li-Ion 2},
  note  = {\url{https://batteryuniversity.com/learn/article/discharge_characteristics_li}},
  url   = {https://batteryuniversity.com/learn/article/discharge_characteristics_li
},
}

@Booklet{5ggov,
  title = {Strona polskiego Ministerstwa Cyfryzacji},
  note  = {\url{https://www.gov.pl/web/5g}},
  url   = {https://www.gov.pl/web/5g},
}

@Booklet{FreeRTOS,
  title = {FreeRTOS},
  note  = {\url{https://www.freertos.org}},
  url   = {https://www.freertos.org},
}

@Booklet{arduinoFramework,
  title = {Arduino framework},
  note  = {\url{https://www.arduino.cc/}},
  url   = {https://www.arduino.cc/},
}

@Booklet{raspbian,
  title = {System operacyjny Raspian},
  note  = {\url{https://www.raspberrypi.org/downloads/raspbian/}},
  url   = {https://www.raspberrypi.org/downloads/raspbian/},
}

@Booklet{ladowanieLiIon2,
  title = {Ładowanie Li-Ion2},
  note  = {\url{https://batteryuniversity.com/index.php/learn/article/how_to_prolong_lithium_based_batteries}},
  url   = {https://batteryuniversity.com/index.php/learn/article/how_to_prolong_lithium_based_batteries
},
}

@Booklet{rozladowywanieLiIon1,
  title = {Rozładowywanie Li-Ion 1},
  note  = {\url{https://batteryuniversity.com/learn/article/discharge_methods}},
  url   = {https://batteryuniversity.com/learn/article/discharge_methods},
}

@Booklet{ladowanieLiIon,
  title = {Ładowanie Li-Ion},
  note  = {\url{https://batteryuniversity.com/index.php/learn/article/how_to_prolong_lithium_based_batteries}},
  url   = {https://batteryuniversity.com/index.php/learn/article/how_to_prolong_lithium_based_batteries},
}

@Booklet{flagiGNUstrona,
  title = {Dokumentacja optymalizacji GNU},
  note  = {\url{https://gcc.gnu.org/onlinedocs/gcc/Optimize-Options.html}},
  url   = {https://gcc.gnu.org/onlinedocs/gcc/Optimize-Options.html},
}

@Booklet{,
  title = {stm32duino wiki},
  note  = {\url{https://github.com/stm32duino/wiki/wiki}},
  url   = {https://github.com/stm32duino/wiki/wiki},
}

@Book{cholewinski,
  title         = {Intelligent Systems'2014: Proceedings of the 7th IEEE International Conference Intelligent Systems IS’2014, September 24-26, 2014, Warsaw, Poland, Volume 2: Tools, Architectures, Systems, Applications},
  publisher     = {Springer International Publishing},
  year          = {2014},
  author        = {Filev, D. and Jab{\l}kowski, J. and Kacprzyk, J. and Krawczak, M. and Popchev, I. and Rutkowski, L. and Sgurev, V. and Sotirova, E. and Szynkarczyk, P. and Zadrozny, S.},
  series        = {Advances in Intelligent Systems and Computing},
  isbn          = {9783319113104},
  __markedentry = {[Papa Smerf:6]},
  lccn          = {2014949165},
  url           = {https://books.google.pl/books?id=jPuSBAAAQBAJ},
}

@Misc{Mazur,
  author      = {Mazur, Alicja},
  title       = {Sterowanie oparte na modelu dla nieholonomicznych manipulatorów mobilnych},
  year        = {2009},
  access      = {Dla wszystkich w zakresie dozwolonego użytku},
  address     = {Wrocław},
  description = {Prace Naukowe Instytutu Informatyki, Automatyki i Robotyki Politechniki Wrocławskiej 107. Monografie 31},
  keywords    = {manipulatory mobilne - sterowanie - algorytmy},
  language    = {pol},
  publisher   = {Oficyna Wydawnicza Politechniki Wrocławskiej},
  rights      = {Wszystkie prawa zastrzeżone (Copyright)},
  type        = {książka},
}

@Booklet{klasyRobotowMobilnych,
  title = {Klasy robotów mobilnych},
  note  = {\url{http://rab.ict.pwr.wroc.pl/~arent/rr/pzpr/teksty.php?plik=klasy.html}},
  url   = {http://rab.ict.pwr.wroc.pl/~arent/rr/pzpr/teksty.php?plik=klasy.html},
}

@Booklet{rpi4Specyfikacja,
  title = {Raspberry Pi 4 Model B specyfikacja},
  note  = {\url{https://www.raspberrypi.org/products/raspberry-pi-4-model-b/specifications/}},
  url   = {
@Booklet{FreeRTOS,
  title = {FreeRTOS},
  note  = {\url{https://www.freertos.org}},
  url   = {https://www.freertos.org},
}

@Booklet{FreeRTOS,
  title = {FreeRTOS},
  note  = {\url{https://www.freertos.org}},
  url   = {https://www.freertos.org},
}
https://www.raspberrypi.org/products/raspberry-pi-4-model-b/specifications/},
}

@Booklet{bluePill,
  title = {STM32F103 dokumentacja techniczna},
  note  = {\url{https://www.st.com/resource/en/datasheet/CD00161566.pdf}},
  url   = {https://www.st.com/resource/en/datasheet/CD00161566.pdf},
}

@Comment{jabref-meta: databaseType:bibtex;}
